@Misc{TheJuliaSet,
howpublished = {[EB/OL]},
note = {\url{https://complex-analysis.com/content/julia_set.html} 2019-2022},
title = {The Julia Set},
author = {Juan Carlos Ponce Campuzano}
}

@Misc{JuliaSet,
howpublished = {[EB/OL]},
note = {\url{https://en.wikipedia.org/wiki/Julia_set} Accessed January 30, 2022},
title = {Julia Set},
author = {Wikipedia}
}

